% Add your references here

@misc{KOSIS,
  author = {대한민국 통계청},
  title = {뇌졸중 발생률 추이},
  year = {2024},
  URL = {https://kosis.kr}
}

@article{giustini2013traumatic,
  title={Traumatic and nontraumatic brain injury},
  author={Giustini, Alessandro and Pistarini, Caterina and Pisoni, Camilla},
  journal={Handbook of clinical neurology},
  volume={110},
  pages={401--409},
  year={2013},
  publisher={Elsevier}
}

@article{lutz2011crisis,
  title={The crisis of stroke: experiences of patients and their family caregivers},
  author={Lutz, Barbara J and Ellen Young, Mary and Cox, Kim J and Martz, Crystal and Rae Creasy, Kerry},
  journal={Topics in stroke rehabilitation},
  volume={18},
  number={6},
  pages={786--797},
  year={2011},
  publisher={Taylor \& Francis}
}

@article{camak2015addressing,
  title={Addressing the burden of stroke caregivers: a literature review},
  author={Camak, Deborah Jacks},
  journal={Journal of clinical nursing},
  volume={24},
  number={17-18},
  pages={2376--2382},
  year={2015},
  publisher={Wiley Online Library}
}

@article{denno2013anxiety,
  title={Anxiety and depression associated with caregiver burden in caregivers of stroke survivors with spasticity},
  author={Denno, Melissa S and Gillard, Patrick J and Graham, Glenn D and DiBonaventura, Marco D and Goren, Amir and Varon, Sepi F and Zorowitz, Richard},
  journal={Archives of physical medicine and rehabilitation},
  volume={94},
  number={9},
  pages={1731--1736},
  year={2013},
  publisher={Elsevier}
}

@article{greenwood2010exploratory,
  title={An exploratory study of anxiety in carers of stroke survivors},
  author={Greenwood, Nan and Mackenzie, Ann},
  journal={Journal of Clinical Nursing},
  volume={19},
  number={13-14},
  pages={2032--2038},
  year={2010},
  publisher={Wiley Online Library}
}

@article{whoqol1995world,
  title={The World Health Organization quality of life assessment (WHOQOL): position paper from the World Health Organization},
  author={Whoqol Group and others},
  journal={Social science \& medicine},
  volume={41},
  number={10},
  pages={1403--1409},
  year={1995},
  publisher={Elsevier}
}

@article{fallowfield2009quality,
  title={What is quality of life},
  author={Fallowfield, Lesley},
  journal={Health economics},
  volume={1},
  number={8},
  pages={1--8},
  year={2009},
  publisher={Citeseer}
}

@article{diener1997measuring,
  title={Measuring quality of life: Economic, social, and subjective indicators},
  author={Diener, Ed and Suh, Eunkook},
  journal={Social indicators research},
  volume={40},
  pages={189--216},
  year={1997},
  publisher={Springer}
}

@article{hagerty2001quality,
  title={Quality of life indexes for national policy: Review and agenda for research},
  author={Hagerty, Michael R and Cummins, Robert and Ferriss, Abbott L and Land, Kenneth and Michalos, Alex C and Peterson, Mark and Sharpe, Andrew and Sirgy, Joseph and Vogel, Joachim},
  journal={Bulletin of Sociological Methodology/Bulletin de M{\'e}thodologie Sociologique},
  volume={71},
  number={1},
  pages={58--78},
  year={2001},
  publisher={Sage Publications Sage CA: Thousand Oaks, CA}
}

@article{martin2021caregiver,
  title={Caregiver quality of life: how to measure it and why},
  author={Martin, Matthew P and McEntee, Mindy L and Suri, Yash},
  journal={American Journal of Health Promotion},
  volume={35},
  number={7},
  pages={1042--1045},
  year={2021},
  publisher={SAGE Publications Sage CA: Los Angeles, CA}
}

@article{uhm2021reliability,
  title={Reliability and validity of the Korean version of the Caregiver Burden Inventory},
  author={Uhm, Kyeong Eun and Jung, Heeyoune and Oh-Park, Mooyeon and Lee, Bo Ram and Kim, Eun Joo and Kim, Jung Hwan and Lee, Seung Ah and Shin, Jinyoung and Kim, Yoon-Sook and Hyun, Cheolhwan and others},
  journal={International Journal of Rehabilitation Research},
  volume={44},
  number={3},
  pages={209--214},
  year={2021},
  publisher={LWW}
}

@article{bedard2001zarit,
  title={The Zarit Burden Interview: a new short version and screening version},
  author={B{\'e}dard, Michel and Molloy, D William and Squire, Larry and Dubois, Sacha and Lever, Judith A and O'Donnell, Martin},
  journal={The gerontologist},
  volume={41},
  number={5},
  pages={652--657},
  year={2001},
  publisher={Oxford University Press}
}

@article{glozman2004quality,
  title={Quality of life of caregivers},
  author={Glozman, Janna M},
  journal={Neuropsychology review},
  volume={14},
  pages={183--196},
  year={2004},
  publisher={Springer}
}

@article{williams1993caregivers,
  title={Caregivers of persons with stroke: their physical and emotional wellbeing},
  author={Williams, AM},
  journal={Quality of Life Research},
  volume={2},
  pages={213--220},
  year={1993},
  publisher={Springer}
}

@article{carlozzi2015health,
  title={Health-related quality of life in caregivers of individuals with traumatic brain injury: development of a conceptual model},
  author={Carlozzi, Noelle E and Kratz, Anna L and Sander, Angelle M and Chiaravalloti, Nancy D and Brickell, Tracey A and Lange, Rael T and Hahn, Elizabeth A and Austin, Amy and Miner, Jennifer A and Tulsky, David S},
  journal={Archives of physical medicine and rehabilitation},
  volume={96},
  number={1},
  pages={105--113},
  year={2015},
  publisher={Elsevier}
}

@article{cohen2006qollti,
  title={QOLLTI-F: measuring family carer quality of life},
  author={Cohen, Robin and Leis, Anne M and Kuhl, David and Charbonneau, C{\'e}cile and Ritvo, Paul and Ashbury, Fredrick D},
  journal={Palliative medicine},
  volume={20},
  number={8},
  pages={755--767},
  year={2006},
  publisher={Sage Publications Sage CA: Thousand Oaks, CA}
}

@article{von2010quality,
  title={Quality of Life after Brain Injury (QOLIBRI): scale development and metric properties},
  author={von Steinb{\"u}chel, Nicole and Wilson, Lindsay and Gibbons, Henning and Hawthorne, Graeme and H{\"o}fer, Stefan and Schmidt, Silke and Bullinger, Monika and Maas, Andrew and Neugebauer, Edmund and Powell, Jane and others},
  journal={Journal of neurotrauma},
  volume={27},
  number={7},
  pages={1167--1185},
  year={2010},
  publisher={Mary Ann Liebert, Inc. 140 Huguenot Street, 3rd Floor New Rochelle, NY 10801 USA}
}

@article{carlozzi2019tbi,
  title={The TBI-CareQOL Measurement System: Development and preliminary validation of health-related quality of life measures for caregivers of civilians and service members/veterans with traumatic brain injury},
  author={Carlozzi, Noelle E and Kallen, Michael A and Hanks, Robin and Hahn, Elizabeth A and Brickell, Tracey A and Lange, Rael T and French, Louis M and Kratz, Anna L and Tulsky, David S and Cella, David and others},
  journal={Archives of Physical Medicine and Rehabilitation},
  volume={100},
  number={4},
  pages={S1--S12},
  year={2019},
  publisher={Elsevier}
}
